@book{Kiefer:Quantum_Gravity,
    author    = "Claus Kiefer",
    title     = "Quantum Gravity",
    publisher = "Oxford Science Publications",
    edition  = "3rd",
    year      = "2012",

}

@article{greenwade94,
    author  = "George D. Greenwade",
    title   = "The {C}omprehensive {T}ex {A}rchive {N}etwork ({CTAN})",
    year    = "1993",
    journal = "TUGBoat",
    volume  = "14",
    number  = "3",
    pages   = "342--351"
}

@article{Sorkin:Causal_Sets:_Discrete_Gravity,
      author         = "Sorkin, Rafael D.",
      title          = "{Causal sets: Discrete gravity}",
      pages          = "305-327",
      year           = "2003",
      eprint         = "gr-qc/0309009",
      archivePrefix  = "arXiv",
      primaryClass   = "gr-qc",
      reportNumber   = "SU-GP-03-01-02",
      SLACcitation   = "%%CITATION = GR-QC/0309009;%%",
}

@article{Sorkin:Ten_Theses_on_Black_Hole_Entropy,
      author         = "Sorkin, Rafael D.",
      title          = "{Ten theses on black hole entropy}",
      journal        = "Stud.Hist.Philos.Mod.Phys.",
      volume         = "36",
      pages          = "291-301",
      doi            = "10.1016/j.shpsb.2005.02.002",
      year           = "2005",
      eprint         = "hep-th/0504037",
      archivePrefix  = "arXiv",
      primaryClass   = "hep-th",
      SLACcitation   = "%%CITATION = HEP-TH/0504037;%%",
}

@article{Benincasa_Dowker:The_Scalar_Curvature_of_a_Causal_Set,
      author         = "Benincasa, Dionigi M.T. and Dowker, Fay",
      title          = "{The Scalar Curvature of a Causal Set}",
      journal        = "Phys.Rev.Lett.",
      volume         = "104",
      pages          = "181301",
      doi            = "10.1103/PhysRevLett.104.181301",
      year           = "2010",
      eprint         = "1001.2725",
      archivePrefix  = "arXiv",
      primaryClass   = "gr-qc",
      SLACcitation   = "%%CITATION = ARXIV:1001.2725;%%",
}

@article{Glaser_Sumati:Locality_in_Causal_Set,
      author         = "Glaser, Lisa and Surya, Sumati",
      title          = "{Towards a Definition of Locality in a Manifoldlike Causal Set}",
      journal        = "Phys.Rev.",
      volume         = "D88",
      pages          = "124026",
      doi            = "10.1103/PhysRevD.88.124026",
      year           = "2013",
      eprint         = "1309.3403",
      archivePrefix  = "arXiv",
      primaryClass   = "gr-qc",
      SLACcitation   = "%%CITATION = ARXIV:1309.3403;%%",
}

@article{Dowker_Glaser:dAlembertians_for_Causal_Sets,
      author         = "Dowker, Fay and Glaser, Lisa",
      title          = "{Causal set d'Alembertians for various dimensions}",
      journal        = "Class.Quant.Grav.",
      volume         = "30",
      pages          = "195016",
      doi            = "10.1088/0264-9381/30/19/195016",
      year           = "2013",
      eprint         = "1305.2588",
      archivePrefix  = "arXiv",
      primaryClass   = "gr-qc",
      SLACcitation   = "%%CITATION = ARXIV:1305.2588;%%",
}

@article{Rideout_Sorkin:CSG,
      author         = "Rideout, D.P. and Sorkin, R.D.",
      title          = "{A Classical sequential growth dynamics for causal sets}",
      journal        = "Phys.Rev.",
      volume         = "D61",
      pages          = "024002",
      doi            = "10.1103/PhysRevD.61.024002",
      year           = "2000",
      eprint         = "gr-qc/9904062",
      archivePrefix  = "arXiv",
      primaryClass   = "gr-qc",
      reportNumber   = "SU-GP-99-4-1",
      SLACcitation   = "%%CITATION = GR-QC/9904062;%%",
}

@article{Ahmed_Sorkin:Everpresent_Lambda,
      author         = "Ahmed, Maqbool and Dodelson, Scott and Greene, Patrick B.
                        and Sorkin, Rafael",
      title          = "{Everpresent lambda}",
      journal        = "Phys.Rev.",
      volume         = "D69",
      pages          = "103523",
      doi            = "10.1103/PhysRevD.69.103523",
      year           = "2004",
      eprint         = "astro-ph/0209274",
      archivePrefix  = "arXiv",
      primaryClass   = "astro-ph",
      reportNumber   = "FERMILAB-PUB-02-260-A, FERMILAB-PUB-02-301",
      SLACcitation   = "%%CITATION = ASTRO-PH/0209274;%%",
}

@article{Unruh:Unimodular_Gravity,
  title = {Unimodular theory of canonical quantum gravity},
  author = {Unruh, W. G.},
  journal = {Phys. Rev. D},
  volume = {40},
  issue = {4},
  pages = {1048--1052},
  numpages = {0},
  year = {1989},
  month = {Aug},
  publisher = {American Physical Society},
}

@article{BOSS_Results_for_Negative_Lambda,
      author         = "Delubac, Timothee and others",
      title          = "{Baryon Acoustic Oscillations in the Ly$\alpha$ forest of
                        BOSS DR11 quasars}",
      collaboration  = "BOSS",
      year           = "2014",
      eprint         = "1404.1801",
      archivePrefix  = "arXiv",
      primaryClass   = "astro-ph.CO",
      SLACcitation   = "%%CITATION = ARXIV:1404.1801;%%",
}

@article{Khetrapal_Sumati:Causal_Diamond_Volume,
      author         = "Khetrapal, Surbhi and Surya, Sumati",
      title          = "{Boundary Term Contribution to the Volume of a Small
                        Causal Diamond}",
      journal        = "Class.Quant.Grav.",
      volume         = "30",
      pages          = "065005",
      doi            = "10.1088/0264-9381/30/6/065005",
      year           = "2013",
      eprint         = "1212.0629",
      archivePrefix  = "arXiv",
      primaryClass   = "gr-qc",
      SLACcitation   = "%%CITATION = ARXIV:1212.0629;%%",
}

@article{Gibbons_Hawking_Boundary,
      author         = "Gibbons, G.W. and Hawking, S.W.",
      title          = "{Action Integrals and Partition Functions in Quantum
                        Gravity}",
      journal        = "Phys.Rev.",
      volume         = "D15",
      pages          = "2752-2756",
      doi            = "10.1103/PhysRevD.15.2752",
      year           = "1977",
      reportNumber   = "PRINT-76-0995 (CAMBRIDGE)",
      SLACcitation   = "%%CITATION = PHRVA,D15,2752;%%",
}

@article{Sorkin_Henson:Discreteness_without_symmetry_breaking,
      author         = "Bombelli, Luca and Henson, Joe and Sorkin, Rafael D.",
      title          = "{Discreteness without symmetry breaking: A Theorem}",
      journal        = "Mod.Phys.Lett.",
      volume         = "A24",
      pages          = "2579-2587",
      doi            = "10.1142/S0217732309031958",
      year           = "2009",
      eprint         = "gr-qc/0605006",
      archivePrefix  = "arXiv",
      primaryClass   = "gr-qc",
      SLACcitation   = "%%CITATION = GR-QC/0605006;%%",
}

@article{Sorkin:Scalar_field_on_causet_in_histories_form,
      author         = "Sorkin, Rafael D.",
      title          = "{Scalar Field Theory on a Causal Set in Histories Form}",
      journal        = "J.Phys.Conf.Ser.",
      volume         = "306",
      pages          = "012017",
      doi            = "10.1088/1742-6596/306/1/012017",
      year           = "2011",
      eprint         = "1107.0698",
      archivePrefix  = "arXiv",
      primaryClass   = "gr-qc",
      SLACcitation   = "%%CITATION = ARXIV:1107.0698;%%",
}
@article{hartlesorkin,
year={1981},
issn={0001-7701},
journal={General Relativity and Gravitation},
volume={13},
number={6},
doi={10.1007/BF00757240},
title={Boundary terms in the action for the Regge calculus},
url={http://dx.doi.org/10.1007/BF00757240},
publisher={Kluwer Academic Publishers-Plenum Publishers},
author={Hartle, J.B. and Sorkin, R.},
pages={541-549},
language={English}
}



